@book{10.5555/1177220,
	author = {Aho, Alfred V. and Lam, Monica S. and Sethi, Ravi and Ullman, Jeffrey D.},
	title = {Compilers: Principles, Techniques, and Tools (2nd Edition)},
	year = {2006},
	isbn = {0321486811},
	publisher = {Addison-Wesley Longman Publishing Co., Inc.},
	address = {USA}
}

@book{nystrom2021crafting,
    title={Crafting Interpreters},
    author={Nystrom, R.},
    isbn={9780990582939},
    year={2021},
    publisher={Genever Benning},
    address = {USA}
}
    
@website{IJC2DU,
	author = "Petr Peringer",
	title = "IJC: DU2",
	howpublished = "online",
    year={2022},
	url = "https://www.fit.vutbr.cz/study/courses/IJC/public/DU2.html.cs",
	cited = "2022-12-01",
    publisher={FIT VUT}
}

@website{IFJmaterials,
	author = {Meduna, Alexander and Křivka, Zbyněk},
	title = "Podklady k přednáškám",
	howpublished = "online",
    year={2022},
	url = "http://www.fit.vutbr.cz/study/courses/IFJ/public/materials/",
	cited = "2022-12-01",
    publisher={FIT VUT}
}

